<?xml version="1.0" encoding="UTF-8"?><collection xmlns="http://www.loc.gov/MARC21/slim"><record><leader>00656nam--2200193-i-4500</leader><controlfield tag="001">000007563</controlfield><controlfield tag="002">20161230</controlfield><controlfield tag="005">20161230201027</controlfield><controlfield tag="008">060222s1000------------r-----000-0-ger-d</controlfield><datafield ind1=" " ind2=" " tag="040"><subfield code="a">IFIN-HH</subfield></datafield><datafield ind1=" " ind2=" " tag="041"><subfield code="a">ger</subfield></datafield><datafield ind1=" " ind2=" " tag="080"><subfield code="a">539.31</subfield></datafield><datafield ind1="1" ind2=" " tag="100"><subfield code="a">Schroder, Kurt</subfield></datafield><datafield ind1="1" ind2="0" tag="245"><subfield code="a">Beitrage zur spannungs- und dehnungsanalyse. heft i</subfield><subfield code="b">Bearbeitet von dr.gottard haberland, dr.volkhard reimann und dr.joachim trager</subfield><subfield code="c">Kurt schroder</subfield></datafield><datafield ind1=" " ind2=" " tag="260"><subfield code="a">Berlin</subfield><subfield code="b">Akademie-verlag</subfield><subfield code="c">1965</subfield></datafield><datafield ind1=" " ind2=" " tag="300"><subfield code="a">151P</subfield></datafield><datafield ind1=" " ind2=" " tag="490"><subfield code="a">Scriftenreihe Der Institute Fur Mathematik, Reihe B: Angewandte Mathematik Und Mechanik, Heft 1</subfield></datafield><datafield ind1=" " ind2=" " tag="852"><subfield code="a">22616</subfield><subfield code="c">539.3</subfield></datafield><datafield ind1=" " ind2=" " tag="CAT"><subfield code="a">Sys</subfield><subfield code="c">20121220</subfield><subfield code="h">160656</subfield></datafield></record></collection>